@book{rifai,
	author = {H. Muhammad Rifa'i and Muhammad Fadhli},
	title = {Manajemen Organisasi},
	year = {2013},
	publisher = {citapustaka media perintis},
	address = {Bandung},
}

@article{Rachman,
	author = {Fathor Rachman},
	title = {Manajemen Organisasi dan Ppengorganisasian Dalam Perspektif Al-Qur'an dan Hadits},
	journal = {Studi Keislaman, Vol. 1, No. 2, pp. 294},
	year = {2015},
}













@mastersthesis{adiria,
	author = {Adiria},
	title = {ANALISIS DAN PERANCANGAN APLIKASI STEGANOGRAFI PADA CITRA DIGITAL DENGAN MENGGUNAKAN METODE LSB (LEAST SIGNIFICANT BIT)},
	school = {Universitas Islam Negeri Jakarta},
	year = {2010},
	type = {Skripsi},
	address = {Tangerang}
}

@article{bunyamin,
	author = {Hendra Bunyamin and Adriani},
	title = {Aplikasi Steganography pada File dengan Menggunakan Teknik Low Bit Encoding dan Least Significant Bit},
	journal = {Jurnal Informatika UKM, Vol. 5, No. 2},
	year = {2009},
}

@article{joshi,
	author = {Kamaldeep Joshi and Rajkumar Yadav},
	title = {A New LSB-S Image Steganography Method Blend with Cryptography for Secret Communication},
	journal = {Third International Conference on Image Infomation Processing},
	year = {2015},
}

@article{kavitha,
	author = {Mrs. Kavitha, Kavita Kadam, Ashwini Kosthi and Priya Dunghav},
	title = {Steganography Using Least Signicant Bit Algorithm},
	journal = {International Journal of Engineering Research and Applications (IJERA), Vol. 2, Issue 3, pp. 338-341},
	year = {2012},
}

@article{kessler,
	author = {Gary C. Kessler},
	title = {Steganography Hiding Data Within Data},
	journal = {},
	year = {2001},
}

@book{munir,
	author = {Rinaldi Munir},
	title = {Kriptografi},
	year = {2006},
	publisher = {Informatika},
	address = {Bandung},
}

@mastersthesis{prasetyo,
	author = {Fahri Perdana Prasetyo},
	title = {STEGANOGRAFI MENGGUNAKAN METODE LSB DENGAN SOFTWARE MATLAB},
	school = {Universitas Islam Negeri Jakarta},
	year = {2010},
	type = {Skripsi},
	address = {Tangerang}
}

@article{prayudi,
	author = {Yudi Prayudi and Puput Setya Kuncoro},
	title = {IMPLEMENTASI STEGANOGRAFI MENGGUNAKAN TEKNIK ADAPTIVE MINIMUM ERROR LEAST SIGNIFICANT BIT REPLACEMENT (AMELSBR)},
	journal = {Seminar Nasional Aplikasi Teknologi Informasi},
	year = {2005},
}

@article{rakhmat,
	author = {Basuki Rakhmat and Muhammad Fairuzabdi},
	title = {STEGANOGRAFI MENGGUNAKAN METODE LEAST SIGNIFICANT BIT DENGAN KOMBINASI ALGORITMA KRIPTOGRAFI VIGENÃˆRE DAN RC4},
	journal = {Jurnal Dinamika Informatika, Volume 5, Nomor 2},
	year = {2010},
}

@electronic{tutorialspoint,
	author={TutorialsPoint},
	title={SDLC - Spiral Model},
	urldate = {2016-10-28},
	url = {https://www.tutorialspoint.com/sdlc/sdlc_spiral_model.htm},
	lastchecked = {2016-10-28},
	year = {2016},
}

@aarticle{anisya,
	author = {Anisya},
	title = {Aplikasi Sistem Database Rumah Sakit Terpusat pada Rumah Sakit Umum (RSU) Aisyiyah Padang dengan Menerapkan Open Source (PHP - MySQL)},
	journal = {Jurnal Momentum},
	year = {2013},
}

@book{bagui,
	author = {Bagui, Sikha and Richard Earp},
	title = {Database Design Using Entity-Relationship Diagram},
	year = {2011},
	publisher = {CRC Press},
	address = {Florida},
}

@electronic{bell,
	author= "Donald Bell",
	title={An Introduction to the Unified Modeling Language},
	urldate = {15/06/2003},
	month="Juni",
	Year="2003",
	url = {http://www.ibm.com/developerworks/rational/library/769.html},
	lastchecked = {01/11/2016},	
}

@book{burton,
	author = {Michael Burton and Donn Felker},
	title = {Android Application Development For Dummies, 2nd Edition},
	year = {2012},
	publisher = {John Wiley and Sons, Inc.},
	address = {New Jersey},
}

@book{denis,
	author = {Alan Denis and Barbara Haley Wixom and David Tegarden},
	title = {Systems Analysis and Design with UML: An Object-Oriented Approach 3rd Edition},
	year = {2010},
	publisher = {John Wiley and Sons, Inc.},
	address = {New Jersey},
}

@article{edi,
	author = {Doro Edi and Stevalin Betshani},
	title = {Analisis Data dengan Menggunakan ERD dan Model Konseptual Data Warehouse},
	journal = {Jurnal Informatika, Vol.5, No. 1, Juni 2009},
	year = {2009},
}

@mastersthesis{francis,
	author = {Danny Francis},
	title = {Perancangan Aplikasi Customer Relationship Management: Studi Kasus PT Primacipta Megah Jaya},
	school = {Universitas Indonesia},
	year = {2013},
	type = {Skripsi},
	address = {Depok}
}

@electronic{inirani,
	author={Efnie Inirani},
	title={Perempuan, Mari Kembali ke Dapur!},
	urldate = {14/09/2014},
	month="September",
	Year="2014",
	url = {http://tabloidnova.com/Sedap/Tips-Masak/Perempuan-Mari-Kembali-Ke-Dapur},
	lastchecked = {28/04/2016}
}

@article{lee,
	author = {Sunguk Lee},
	title = {Unified Modeling Language (UML) for Database Systems and Computer Application},
	journal = {International Journal of Database Theory and Application},
	year = {2012},
}

@article{murtiwiyati,
	author = {Murtiwiyati and Glenn Lauren},
	title = {Rancang Bangun Aplikasi Pembelajaran Budaya Indonesia Untuk Anak Sekolah Dasar Berbasis Android},
	journal = {Jurnal Ilmiah KOMPUTASI, Volume 12 Nomor : 2, Desember 2013},
	year = {2013},
}

@article{myers,
	author = {Brad A Myers and Jeffrey Stylos},
	title = {Improving API Usability},
	journal = {Communications of the ACM, vol 59, No. 6, June, 2016},
	year = {2016}
}

@misc{palupi,
	author={Sri Palupi and Tuti Hera Widi Handayani},
	title={Resep Masakan (Modul 2)},
	address = {Yogyakarta},
	organization = {Universitas Negeri Yogyakarta},
	year={2010}
}

@misc{poernomo,
	author={Arnold Poernomo},
	title={3 Alasan Utama Perempuan Malas Masak},
	urldate = {06/03/2014},
	url = {http://female.kompas.com/read/2014/03/06/1254310/3.Alasan.Utama.Perempuan.Malas.Masak},
	lastchecked = {28/04/2016},	
}

@book{pressman,
	author = {Roger S Pressman},
	title = {Software Engineering A Practitioner's Approach},
	year = {2010},
	publisher = {McGraw Hill},
	address = {New York},
}

@book{rogers,
	author = {Rick Rogers and John Lombardo and Zigurd Mednieks and Blake Meike},
	title = {Android Application Development},
	year = {2009},
	publisher = {O'Reilly Media},
	address = {California},
}

@book{soenardi,
	author = {Tuti Soenardi and Tim},
	title = {Teori Dasar Kuliner},
	year = {2013},
	publisher = {PT Gramedia Pustaka Utama},
	address = {Jakarta},
}

